@Article{Vinther_2011,
  doi = {10.1098/rspb.2011.1773},
  url = {http://dx.doi.org/10.1098/rspb.2011.1773},
  year = {2011},
  month = {oct},
  publisher = {The Royal Society},
  volume = {279},
  number = {1732},
  pages = {1259--1268},
  author = {J. Vinther and E. A. Sperling and D. E. G. Briggs and K. J. Peterson},
  title = {A molecular palaeobiological hypothesis for the origin of aplacophoran molluscs and their derivation from chiton-like ancestors},
  journal = {Proceedings of the Royal Society B: Biological Sciences},
}
